@misc{mnist,
  title = {MNIST},
  howpublished = {\url{http://yann.lecun.com/exdb/mnist/}},
}

@online{glorot,
    author = {Xavier Glorot Yoshua Bengio},
    title = "Understanding the difficulty of training deep feedforward neural networks",
    url = "https://proceedings.mlr.press/v9/glorot10a/glorot10a.pdf",
    year = "2010"
}

@online{he,
    title = "Delving Deep into Rectifiers: Surpassing Human-Level Performance on ImageNet Classification",
    author = "Kaiming He and Xiangyu Zhang and Shaoqing Ren and Jian Sun",
    year = "2015",
    url = "https://arxiv.org/abs/1502.01852"
}