@online{kmeans++,
    author = {David Arthur Sergei Vassilvitskiiâ€ },
    title = "k-means++: The Advantages of Careful Seeding",
    url = "https://theory.stanford.edu/~sergei/papers/kMeansPP-soda.pdf"
}

@misc{mnist,
  title = {MNIST},
  howpublished = {\url{http://yann.lecun.com/exdb/mnist/}},
}